<?xml version="1.0" encoding="UTF-8"?><record xmlns="http://www.loc.gov/MARC21/slim" xmlns:cinclude="http://apache.org/cocoon/include/1.0" xmlns:zs="http://www.loc.gov/zing/srw/">
  <leader>00467cz  a2200133n  4500</leader>
  <controlfield tag="001">no 00003941 </controlfield>
  <controlfield tag="003">DLC</controlfield>
  <controlfield tag="005">20020130123144.0</controlfield>
  <controlfield tag="008">000120n| acannaabn          |n aaa     c</controlfield>
  <datafield tag="010" ind1=" " ind2=" ">
    <subfield code="a">no 00003941 </subfield>
  </datafield>
  <datafield tag="035" ind1=" " ind2=" ">
    <subfield code="a">(OCoLC)oca05138519</subfield>
  </datafield>
  <datafield tag="040" ind1=" " ind2=" ">
    <subfield code="a">OCl</subfield>
    <subfield code="b">eng</subfield>
    <subfield code="c">OCl</subfield>
    <subfield code="d">DLC</subfield>
  </datafield>
  <datafield tag="100" ind1="1" ind2=" ">
    <subfield code="a">Marwitz, Darlene</subfield>
  </datafield>
  <datafield tag="670" ind1=" " ind2=" ">
    <subfield code="a">Italy fever, c2000:</subfield>
    <subfield code="b">t.p. (Darlene Marwitz) copyr. (Darlene Sheldon Marwitz) p. 246 (holds two master's degrees from the School of Architecture, Univ. of Tex. in Austin)</subfield>
  </datafield>
</record>